@article{friedman2003multiple,
  title={Multiple additive regression trees with application in epidemiology},
  author={Friedman, Jerome H and Meulman, Jacqueline J},
  journal={Statistics in medicine},
  volume={22},
  number={9},
  pages={1365--1381},
  year={2003},
  publisher={Wiley Online Library}
}

@article{rashmi2015dart,
	title={Dart: Dropouts meet multiple additive regression trees},
	author={Rashmi, KV and Gilad-Bachrach, Ran},
	journal={arXiv preprint arXiv:1505.01866},
	year={2015}
}

@inproceedings{sun2014convergence,
	title={A Convergence Rate Analysis for LogitBoost, MART and Their Variant.},
	author={Sun, Peng and Zhang, Tong and Zhou, Jie},
	booktitle={ICML},
	pages={1251--1259},
	year={2014}
}
