@inproceedings{graf20112d,
  title={2D image registration in CT images using radial image descriptors},
  author={Graf, Franz and Kriegel, Hans-Peter and Schubert, Matthias and P{\"o}lsterl, Sebastian and Cavallaro, Alexander},
  booktitle={International Conference on Medical Image Computing and Computer-Assisted Intervention},
  pages={607--614},
  year={2011},
  organization={Springer}
}

@misc{uci_ctSlice,
  title={{UCI machine learning  repository}},
  author={F. Graf, H.-P. Kriegel, M. Schubert, S. Poelsterl, A. Cavallaro}
  year={2011},
  howpublished  ={\url{http://mlr.cs.umass.edu/ml/datasets/Relative+location+of+CT+slices+on+axial+axis}}
}

@article{dart,
	author    = {K. V. Rashmi and
	Ran Gilad{-}Bachrach},
	title     = {{DART:} Dropouts meet Multiple Additive Regression Trees},
	journal   = {CoRR},
	volume    = {abs/1505.01866},
	year      = {2015},
	url       = {http://arxiv.org/abs/1505.01866},
	timestamp = {Mon, 01 Jun 2015 14:13:54 +0200},
	biburl    = {http://dblp.uni-trier.de/rec/bib/journals/corr/RashmiG15},
	bibsource = {dblp computer science bibliography, http://dblp.org}
}